<?xml version="1.0" encoding="UTF-8"?>
<collection xmlns:xsi="http://www.w3.org/2001/XMLSchema-instance" xsi:schemaLocation="http://www.loc.gov/MARC21/slim http://www.loc.gov/standards/marcxml/schema/MARC21slim.xsd" xmlns="http://www.loc.gov/MARC21/slim">
<record>
  <leader>00770nam a2200217   4500</leader>
  <controlfield tag="001">2534533</controlfield>
  <controlfield tag="003">NNC</controlfield>
  <controlfield tag="005">20030429131150.0</controlfield>
  <controlfield tag="008">830422s1936    ua bcfh       000 0 ara  </controlfield>
  <datafield tag="010" ind1=" " ind2=" ">
    <subfield code="a">ne 68003622 </subfield>
  </datafield>
  <datafield tag="035" ind1=" " ind2=" ">
    <subfield code="a">(OCoLC)ocm09439576</subfield>
  </datafield>
  <datafield tag="035" ind1=" " ind2=" ">
    <subfield code="9">AQL5802CU</subfield>
  </datafield>
  <datafield tag="040" ind1=" " ind2=" ">
    <subfield code="a">DLC</subfield>
    <subfield code="c">CLU</subfield>
    <subfield code="d">ZCU</subfield>
  </datafield>
  <datafield tag="050" ind1=" " ind2=" ">
    <subfield code="a">DT81</subfield>
    <subfield code="b">.U45</subfield>
  </datafield>
  <datafield tag="100" ind1="1" ind2=" ">
    <subfield code="a">Ṭūsūn, ʻUmar,</subfield>
    <subfield code="c">Prince,</subfield>
    <subfield code="d">1872-1944.</subfield>
  </datafield>
  <datafield tag="245" ind1="1" ind2="3">
    <subfield code="a">al-Jaysh al-Miṣrī fī al-ḥarb al-Rūsiyah al-maʻrūfah bi-ḥarb al-qirm, 1853-1855 M /</subfield>
    <subfield code="c">lil-amīr ʻUmar Ṭūsūn.</subfield>
  </datafield>
  <datafield tag="260" ind1=" " ind2=" ">
    <subfield code="a">al-Iskandariyah :</subfield>
    <subfield code="b">Maṭbaʻat al-Mustaqbal,</subfield>
    <subfield code="c">1936.</subfield>
  </datafield>
  <datafield tag="300" ind1=" " ind2=" ">
    <subfield code="a">250, 2, 13, p. :</subfield>
    <subfield code="b">ill., facsims, col. maps, plates, ports. ;</subfield>
    <subfield code="c">24 cm.</subfield>
  </datafield>
  <datafield tag="650" ind1=" " ind2="0">
    <subfield code="a">Crimean War, 1853-1856</subfield>
    <subfield code="y">1835-1856.</subfield>
  </datafield>
  <datafield tag="651" ind1=" " ind2="0">
    <subfield code="a">Egypt</subfield>
    <subfield code="x">History, Military.</subfield>
  </datafield>
  <datafield tag="955" ind1=" " ind2=" ">
    <subfield code="b">CU52870022</subfield>
    <subfield code="d">off,glx</subfield>
    <subfield code="e">DT81 .U45</subfield>
  </datafield>
</record>
</collection>